
<record>
  <controlfield tag="001">1298564</controlfield>
  <datafield tag="035" ind1=" " ind2=" ">
    <subfield code="a">Aubert:2006uya</subfield>
    <subfield code="9">INSPIRETeX</subfield>
  </datafield>
  <datafield tag="035" ind1=" " ind2=" ">
    <subfield code="9">DESY</subfield>
    <subfield code="z">DA14-kp39c</subfield>
  </datafield>
  <datafield tag="245" ind1=" " ind2=" ">
    <subfield code="a">Measurements of branching fractions, polarizations, and direct CP-violation asymmetries in $B \to \rho K^{*}$ and $B \to f_0(980) K^{*}$ decays</subfield>
  </datafield>
  <datafield tag="710" ind1=" " ind2=" ">
    <subfield code="g">BaBar</subfield>
  </datafield>
</record>